@string{US = {United States}}
@string{DOE = {Department Of Energy}}
@string{PPCF = {Plasma Phys. Control. Fusion}}
@string{POP = {Phys. Plasmas}}
@string{POF = {Phys. Fluids}}
@string{POFB = {Phys. Fluids B}}
@string{NJP = {New J. Physics}}
@string{JNM = {J. Nucl. Materials}}
@string{NUF = {Nuclear Fusion}}
@string{PPPL = {Princeton Plasma Physics Laboratory}}
@string{OUP = {Oxford University Press}}
@string{CUP = {Cambridge University Press}}
@string{CPP = {Contrib. Plasma Phys.}}
@string{PRL = {Phys. Rev. Lett.}}
@string{PRE = {Phys. Rev. E}}
@string{PLA = {Phys. Lett. A}}
@string{JPFR = {J. Plasma Fusion Res.}}
@string{JPP = {J. Plasma Physics}}
@string{RSI = {Rev. Sci. Inst.}}
@string{FED = {Fusion Engineering and Design}}
@string{NTF = {Nuclear Technology - Fusion}}
@string{CPPCF = {Comments Plasma Phys. Controlled Fusion}}
@string{JPSJ = {J. Physical Society of Japan}}



@InCollection{Braginskii1965,
  author =       {Braginskii, S. I.},
  title =        {Transport processes in a plasma},
  booktitle =    {Reviews of Plasma Physics},
  pages =        {205-311},
  publisher =    {Consultants Bureau, New York},
  year =         1965,
  editor =       "Leontovich, M A",
  volume =       1
}



@Article{Gekelman1991,
  author =       {W. Gekelman and H. Pfister and Z. Lucky and J. Bamber and D. Leneman and J. Maggs},
  title =        {Design, Construction and Properties of the Large Plasma Research Device - The LAPD at UCLA},
  journal =      RSI,
  year =         1991,
  volume =       {62},
  pages =        {2875},
}


@Article{maggs2007,
  author =       {J. E. Maggs and T. A. Carter and R. J. Taylor},
  title =        {Transition from Bohm to classical diffusion due to edge rotation of a cylindrical plasma},
  journal =      POP,
  year =         2007,
  volume =       {14},
  pages =        {052507},
}

@Article{theiler1990,
  author =       {J. Theiler},
  title =        {Estimating the Fractal Dimension of Chaotic Time Series},
  journal =      {The Lincoln Laboratory Journal},
  year =         1990,
  volume =       {3},
  pages =        {63},
}



@Article{Camargo1995,
  author =       {S. J. Camargo and D. Biskamp and B. D. Scott},
  title =        {Resistive drift-wave turbulence},
  journal =      POP,
  year =         1995,
  volume =       {2},
  pages =        {48},
}

@Article{camargo1998,
  author =       {S. J. Camargo and M. K. Tippett and I. L. Caldas},
  title =        {Nonmodal energetics of resistive drift waves},
  journal =      PRE,
  year =         1998,
  volume =       {58},
  pages =        {3693},
}


@Article{futatani2009,
  author =       {S. Futatani and S. Benkadda and D. del-Castillo-Negrete},
  title =        {Spatiotemporal multiscaling analysis of impurity transport in plasma turbulence using proper orthogonal decomposition},
  journal =      POP,
  year =         2009,
  volume =       {16},
  pages =        {042506},
}

@Article{berkooz1993,
  author =       {G. Berkooz and P. Holmes and J. L. Lumley},
  title =        {The proper orthogonal decomposition in the analysis of turbulent flows},
  journal =      {Annu. Rev. Fluid Mech.},
  year =         1993,
  volume =       {25},
  pages =        {539},
}


@Article{reddy1993,
  author =       {S. C. Reddy and P. J. Schmid and D. S. Henningson},
  title =        {Pseudospectra of the Orrâ€”Sommerfeld operator},
  journal =      {SIAM J. Appl. Math.},
  year =         1993,
  volume =       {53},
  pages =        {15},
}

@Article{reddy1993b,
  author =       {S. C. Reddy and D. S. Henningson},
  title =        {Energy growth in viscous channel flows},
  journal =      {J. Fluid Mech},
  year =         1993,
  volume =       {252},
  pages =        {209},
}


@Article{gustavsson1991,
  author =       {L. H. Gustavsson},
  title =        {Energy growth of three-dimensional disturbances in plane Poiseuille flow},
  journal =      {J. Fluid Mech},
  year =         1991,
  volume =       {224},
  pages =        {221},
}

@Article{bandt2002,
  author =       {C. Bandt and B. Pompe},
  title =        {Permutation Entropy: A Natural Complexity Measure for Time Series},
  journal =      PRL,
  year =         2002,
  volume =       {88},
  pages =        {174102},
}

@Article{rosso2007,
  author =       {O. A. Rosso and H. A. Larrondo and M. T. Martin and A. Plastino and M. A. Fuentes},
  title =        {Distinguishing Noise from Chaos},
  journal =      PRL,
  year =         2007,
  volume =       {99},
  pages =        {154102},
}

@Article{gissinger2012,
  author =       {C. Gissinger},
  title =        {A new deterministic model for chaotic reversals},
  journal =      {Eur. Phys. J. B},
  year =         2012,
  volume =       {85},
  pages =        {137},
}

@Article{mackey1977,
  author =       {M. C. Mackey and L. Glass},
  title =        {Oscillation and Chaos in Physiological Control Systems},
  journal =      {Science},
  year =         1977,
  volume =       {197},
  pages =        {287},
}

@Article{farmer1982,
  author =       {J. D. Famer},
  title =        {Chaotic attractors of an infinite-dimensional dynamical system},
  journal =      {Physica},
  year =         1982,
  volume =       {4D},
  pages =        {366},
}



@Article{butler1992,
  author =       {K. M. Butler and B. F. Farrell},
  title =        {Three-dimensional optimal perturbations in viscous shear flows},
  journal =      {Phys. Fluids A},
  year =         1992,
  volume =       {4},
  pages =        {1637},
}


@Article{Holland2007,
  author =       {C. Holland and G. R. Tynan and R. J. Fonck and G. R. McKee and J. Candy and R. E. Waltz},
  title =        {Zonal-flow-driven nonlinear energy transfer in experiment and simulation},
  journal =      POP,
  year =         2007,
  volume =       {14},
  pages =        {056112},
}

@Article{Holland2003,
  author =       {C. Holland and P. H. Diamond and S. Champeaux and E. Kim and O. Gurcan and M. N. Rosenbluth and G. R. Tynan and N. Crocker and W. Nevins and J. Candy},
  title =        {Investigations of the role of nonlinear couplings in structure formation and transport regulation: experiment, simulation, and theory},
  journal =      NUF,
  year =         2003,
  volume =       {43},
  pages =        {761},
}

@Article{krommes1999,
  author =       {J. A. Krommes},
  title =        {Recent results on analytical plasma turbulence theory: realizability, intermittency, submarginal turbulence and self-organized criticality},
  journal =      PPCF,
  year =         1999,
  volume =       {41},
  pages =        {A641-A652},
}
@Article{trefethen1993,
  author =       {L. N. Trefethen and A. E. Trefethen and S. C. Reddy and T. A. Driscoll},
  title =        {Hydrodynamic Stability Without Eigenvalues},
  journal =      {Science},
  year =         1993,
  volume =       261,
  pages =        {578},
}

@Article{landau1944,
  author =       {L. D. Landau},
  title =        {On the problem of turbulence},
  journal =      {C.R. Acad. Sci. U.R.S.S.},
  year =         1944,
  volume =       {44},
  pages =        {311},
}


@Article{Popovich2010a,
author =         {P. Popovich and M. V. Umansky and T. A. Carter and B. Friedman},
title =          {Analysis of plasma instabilities and verification of BOUT code for linear plasma device},
year =           2010,
journal =        POP,
volume =         17,
pages =          102107 
}



@Article{Popovich2010b,
  author =       {P. Popovich and M. V. Umansky and T. A. Carter and B. Friedman},
  title =        {Modeling of plasma turbulence and transport in the Large Plasma Device},
  journal =      POP, 
  year =         2010,
  volume =       17,
  pages =        122312
}

@Article{simakov2003,
  author =       {A. N. Simakov and P. J. Catto},
  title =        {Drift-ordered fluid equations for field-aligned modes in low-$\beta$ collisional plasma with equilibrium pressure pedestals},
  journal =      POP, 
  year =         2003,
  volume =       10,
  pages =        4744
}

@Article{biskamp1985,
  author =       {D. Biskamp and H. Kaifen},
  title =        {Three-drift-wave interaction at finite parallel wavelength: bifurcations and transition to turbulence},
  journal =      {Phys. Fluids}, 
  year =         1985,
  volume =       28,
  pages =        2172
}


@Article{Umansky2011,
  author =       {M. V. Umansky and P. Popovich and T. A. Carter and B. Friedman and W. M. Nevins},
  title =        {Numerical simulation and analysis of plasma turbulence the Large Plasma Device },
  journal =      POP, 
  year =         2011,
  volume =       18,
  pages =        055709
}


@Article{Kolmogorov1941,
  title = {The local structure of turbulence in incompressible viscous fluid for very large Reynolds numbers},
  author = {A. N. Kolmogorov},
  journal = "Dokl Akad. Nauk SSSR",
  volume = {30},
  pages = {301--305},
  year = {1941}
}


@Article{ruelle1971,
  title = {On the Nature of Turbulence},
  author = {D. Ruelle and F. Takens},
  journal = {Commun. math. Phys.},
  volume = {20},
  pages = {167},
  year = {1971}
}

@Article{takens1981,
  title = {Detecting strange attractors in turbulence},
  author = {F. Takens},
  journal = {Lect. Notes Math.},
  volume = {898},
  pages = {366},
  year = {1981}
}

@Article{riedl2013,
  title = {Practical considerations of permutation entropy},
  author = {M. Riedl and A. Muller and N. Wessel},
  journal = {Eur. Phys. J. Special Topics},
  volume = {222},
  pages = {249},
  year = {2013}
}



@Article{baver2002,
  author =       {D. A. Baver and P. W. Terry and R. Gatto and E. Fernandez},
  title =        {Nonlinear stability and instability in collisionless trapped electron mode turbulence},
  journal =      POP,
  year =         {2002},
  volume =    9,
  pages =     {3318}
}

@Article{xu1998,
  author =       {X. Q. Xu and R. H. Cohen},
  title =        {Scrape-Off Layer Turbulence Theory and Simulations},
  journal =      CPP,
  year =         {1998},
  volume =    36,
  pages =     {158}
}

@Article{umansky2009,
  author =       {M. V. Umansky and X. Q. Xu and B. Dudson and L. Lodestro and J. Myra},
  title =        {Status and verification of edge plasma turbulence code BOUT},
  journal =      POP,
  year =         {2009},
  volume =    180,
  pages =     {887}
}

@ARTICLE{dudson2009,
AUTHOR = "B. D. Dudson and M. V. Umansky and X. Q. Xu and P. B. Snyder and H. R. Wilson",
TITLE = "BOUT++: A framework for parallel plasma fluid simulations.",
JOURNAL = "Computer Physics Communications",
PAGES = {1467-1480},
YEAR = {2009}  }

@ARTICLE{arakawa1966,
AUTHOR = "A. Arakawa",
TITLE = "Computational Design for Long-Term Numerical Integration of the Equations of Fluid Motion",
JOURNAL = "J. Computational Physics",
VOLUME = 1,
PAGES = {119-143},
YEAR = {1966}  }


@Article{drake1995,
  author =       {J. F. Drake and A. Zeiler and D. Biskamp},
  title =        {Nonlinear Self-Sustained Drift-Wave Turbulence},
  journal =      PRL,
  year =         {1995},
  volume =    75,
  pages =     {4222}
}

@Article{biskamp1995,
  author =       {D. Biskamp and A. Zeiler},
  title =        {Nonlinear Instability Mechanism in 3D Collisional Drift-Wave Turbulence},
  journal =      PRL,
  year =         {1995},
  volume =    74,
  pages =     {706}
}


@Article{scott1990,
  author =       {B. D. Scott},
  title =        {Self-Sustained Collisional Drift-Wave Turbulence in a Sheared Magnetic Field},
  journal =      PRL,
  year =         {1990},
  volume =    65,
  pages =     {3289}
}

@Article{scott1992,
  author =       {B. D. Scott},
  title =        {The mechanism of self sustainment in collisional drift wave turbulence},
  journal =      POFB,
  year =         {1992},
  volume =    4,
  pages =     {2468}
}

@Article{waltz1985,
  author =       {R. E. Waltz},
  title =        {Subcritical Magnetohydrodynamic Turbulence},
  journal =      PRL,
  year =         {1985},
  volume =    55,
  pages =     {1098}
}

@Article{rogers2010,
  author =       {B. Rogers and P. Ricci},
  title =        {Low-frequency turbulence in a linear magnetized plasma},
  journal =      PRL,
  year =         {2010},
  volume =    104,
  pages =     {225002}
}

@Article{nordman1993,
  author =       {H. Nordman and V. P. Pavlenko and J. Weiland},
  title =        {Subcritical reactive drift wave turbulence},
  journal =      POFB,
  year =         {1993},
  volume =    5,
  pages =     {402}
}

@Article{korsholm1999,
  author =       {S. B. Korsholm and P. K. Michelsen and V. Naulin},
  title =        {Resistive drift wave turbulence in a three-dimensional geometry},
  journal =      POP,
  year =         {1999},
  volume =    6,
  pages =     {2401}
}

@Article{zeiler1996,
  author =       {A. Zeiler and D. Biskamp and J. F. Drake and P. N. Guzdar},
  title =        {Three-dimensional fluid simulations of tokamak edge turbulence},
  journal =      POP,
  year =         {1996},
  volume =    3,
  pages =     {2951}
}


@Article{zeiler1997,
  author =       {A. Zeiler and J. F. Drake and D. Biskamp},
  title =        {Electron temperature fluctuations in drift-resistive ballooning turbulence},
  journal =      POP,
  year =         {1997},
  volume =    4,
  pages =     {991}
}

@Article{scott2002,
  author =       {B. D. Scott},
  title =        {The nonlinear drift wave instability and its role in tokamak edge turbulence},
  journal =      NJP,
  year =         {2002},
  volume =    4,
  pages =     {52.1-52.30}
}

@Article{scott2003,
  author =       {B. D. Scott},
  title =        {Computation of electromagnetic turbulence and anomalous transport mechanisms in tokamak plasmas},
  journal =      PPCF,
  year =         {2003},
  volume =    45,
  pages =     {A385-A398}
}


@Article{scott2005,
  author =       {B. D. Scott},
  title =        {Drift wave versus interchange turbulence in tokamak geometry: Linear versus nonlinear mode structure},
  journal =      POP,
  year =         {2005},
  volume =    12,
  pages =     {062314}
}

@Article{makwana2011,
  author =       {K. D. Makwana and P. W. Terry and J. -H. Kim and D. R. Hatch},
  title =        {Damped eigenmode saturation in plasma fluid turbulence},
  journal =      POP,
  year =         {2011},
  volume =    18,
  pages =     {012302}
}

@Article{makwana2012,
  author =       {K. D. Makwana and P. W. Terry and J. -H. Kim},
  title =        {Role of stable modes in zonal flow regulated turbulence},
  journal =      POP,
  year =         {2012},
  volume =    19,
  pages =     {062310}
}


@Article{terry2006a,
  author =       {P. W. Terry and R. Gatto},
  title =        {Nonlinear inward particle flux component in trapped electron mode turbulence},
  journal =      POP,
  year =         {2006},
  volume =    13,
  pages =     {062309}
}

@Article{biglari1990,
  author =       {H. Biglari and P. H. Diamond and P. W. Terry},
  title =        {Influence of sheared poloidal rotation on edge turbulence},
  journal =      POFB,
  year =         {1990},
  volume =    2,
  pages =     {1}
}


@Article{gatto2006,
  author =       {R. Gatto and P. W. Terry and D. A. Baver},
  title =        {Nonlinear damping of zonal modes in anisotropic weakly collisional trapped electron mode turbulence},
  journal =      POP,
  year =         {2006},
  volume =    13,
  pages =     {022306}
}


@Article{terry2009,
  author =       {P. W. Terry and D. A. Baver and D. R. Hatch},
  title =        {Reduction of inward momentum flux by damped eigenmodes},
  journal =      POP,
  year =         {2009},
  volume =    16,
  pages =     {122305}
}


@Article{terry2002,
  author =       {P. W. Terry and R. Gatto and D. A. Baver},
  title =        {Nonlinear Damping of Plasma Zonal Flows Excited by Inverse Spectral Transfer},
  journal =      PRL,
  year =         {2002},
  volume =    89,
  pages =     {205001}
}

@Article{hatch2011,
  author =       {D. R. Hatch and P. W. Terry and F. Jenko and F. Merz and W. M. Nevins},
  title =        {Saturation of Gyrokinetic Turbulence through Damped Eigenmodes},
  journal =      PRL,
  year =         {2011},
  volume =    106,
  pages =     {115003}
}

@Article{kim2010,
  author =       {J.-H. Kim and P. W. Terry},
  title =        {Energetic study of the transition to nonlinear state in two-dimensional electron temperature gradient fluid turbulence},
  journal =      POP,
  year =         {2010},
  volume =    17,
  pages =     {112306}
}

@Article{terry2006b,
  author =       {P. W. Terry and D. A. Baver and S. Gupta},
  title =        {Role of stable eigenmodes in saturated local plasma turbulence},
  journal =      POP,
  year =         {2006},
  volume =    13,
  pages =     {022307}
}

@Article{hatch2009,
  author =       {D. R. Hatch and P. W. Terry and W. M. Nevins and W. Dorland},
  title =        {Role of stable eigenmodes in gyrokinetic models of ion temperature gradient turbulence},
  journal =      POP,
  year =         {2009},
  volume =    16,
  pages =     {022311}
}

@Article{hasegawa1983,
  author =       {A. Hasegawa and M. Wakatani},
  title =        {Plasma Edge Turbulence},
  journal =      PRL,
  year =         {1983},
  volume =    50,
  pages =     {682-686}
}

@Article{itoh1996,
  author =       {K. Itoh and S. I. Itoh and M. Yagi and A. Fukuyama},
  title =        {Subcritical Excitation of Plasma Turbulence},
  journal =      {Journal of the Physical Society of Japan},
  year =         {1996},
  volume =    65,
  pages =     {2749-2752}
}

@Article{manneville2008,
  author =       {P. Manneville},
  title =        {Understanding the sub-critical transition to turbulence in wall flows},
  journal =      {Pramana},
  year =         {2008},
  volume =    70,
  pages =     {1009-1021}
}

@Article{dimits2000,
  author =       {A. M. Dimits and G. Bateman and M. A. Beer and B. I. Cohen and W. Dorland and G. W. Hammett and C. Kim and J. E. Kinsey and M. Kotschenreuther and A. H. Kritz and L. L. Lao and J. Mandrekas and W. M. Nevins and S. E. Parker and A. J. Redd and D. E. Shumaker and R. Sydora and J. Weiland},
  title =        {Comparisons and Physics Basis of Tokamak Transport Models and Turbulece Simulations},
  journal =      POP,
  year =         {2000},
  volume =    7,
  pages =     {969}
}

@Article{ernst2004,
  author =       {D. R. Ernst and P. T. Bonoli and P. J. Catto and W. Dorland and C. L. Fiore and R. S. Granetz and M. Greenwald and A. E. Hubbard and M. Prokolab and M. H. Redi and J. E. Rice and K. Zhurovich},
  title =        {Role of trapped electron mode turbulence in internal transport barrier control in the Alcator C-Mod Tokamak},
  journal =      POP,
  year =         {2004},
  volume =    11,
  pages =     {2637}
}

@Article{friedman2012,
  author =       {B. Friedman and M. V. Umansky and T. A. Carter},
  title =        {Grid Convergence Study in a Simulation of LAPD Turbulence},
  journal =      CPP,
  year =         {2012},
  volume =    52,
  pages =     {412-416}
}

@Article{friedman2012b,
  author =       {B. Friedman and T. A. Carter and M. V. Umansky and D. Schaffner and B. Dudson},
  title =       {Energy dynamics in a simulation of LAPD turbulence},
  journal =      POP,
  year =         {2012},
  volume =    19,
  pages =     {102307}
}

@Article{waleffe1995,
  author =       {F. Waleffe},
  title =       {Hydrodynamic Stability and Turbulence: Beyond Transients to a Self-Sustaining Process},
  journal =      {Studies in Applied Mathematics},
  year =         {1995},
  volume =    95,
  pages =      {319}
}

@Article{waleffe1995b,
  author =       {F. Waleffe},
  title =       {Transition in shear flows: non-linear normality versus non-normal linearity},
  journal =      {Phys. Fluids},
  year =         {1995},
  volume =    7,
  pages =      {3060}
}

@Article{friedman2013,
  author =       {B. Friedman and T. A. Carter and M. V. Umansky and D. Schaffner and I. Joseph},
  title =       {Nonlinear instability in simulations of Large Plasma Device turbulence},
  journal =      POP,
  year =         {2013},
  volume =    20,
  pages =      {055704}
}


@Article{highcock2012,
  author =       {E. G. Highcock and  A. A. Schekochihin and S. C. Cowley and M. Barnes and F. I. Parra and C. M. Roach and W. Dorland},
  title =        {Zero-Turbulence Manifold in a Toroidal Plasma},
  journal =      PRL,
  year =         {2012},
  volume =    109,
  pages =     {265001}
}

@Article{loizu2012,
  author =       {J. Loizu and P. Ricci and F. Halpern and S. Jolliet},
  title =        {Boundary conditions for plasma fluid models at the magnetic presheath entrance},
  journal =      POP,
  year =         {2012},
  volume =       13,
  pages =        {122307}
}

@Article{berk1991,
  author =       {H. L. Berk and D. D. Ryutov and Yu. A. Tsidulko},
  title =        {Temperature-gradient instability induced by conducting end walls},
  journal =      POFB,
  year =         {1991},
  volume =    3,
  pages =     {1346}
}

@Article{berk1993,
  author =       {H. L. Berk and R. H. Cohen and D. D. Ryutov and Yu. A. Tsidulko and X. Q. Xu},
  title =        {Electron temperature gradient induced instability induced in tokamak scrape-off layers},
  journal =      NUF,
  year =         {1993},
  volume =    33,
  pages =     {263}
}


@Article{schaffner2012,
  author =       {D. A. Schaffner and T. A. Carter and G. D. Rossi and D. S. Guice and J. E. Maggs and S. Vincena and B. Friedman},
  title =        {Modification of Turbulent Transport with Continuous Variation of Flow Shear in the Large Plasma Device},
  journal =      PRL,
  year =         {2012},
  volume =    109,
  pages =     {135002}
}

@Article{schaffner2013,
  author =       {D. A. Schaffner and T. A. Carter and G. D. Rossi and D. S. Guice and J. E. Maggs and S. Vincena and B. Friedman},
  title =        {Turbulence and transport suppression scaling with flow shear on the Large Plasma Device},
  journal =      POP,
  year =         {2013},
  volume =    20,
  pages =     {055907}
}

@Article{kamataki2007,
  author =       {K. Kamataki and Y. Nagashima and S. Shinohara and Y. Kawai and M. Yagi and K. Itoh and S. -I. Itoh},
  title =        {Coexistence of collisional drift and flute wave instabilities in bounded linear ECR Plasma},
  journal =      JPSJ,
  year =         {2007},
  volume =    76,
  pages =     {054501}
}

@Article{brochard2005,
  author =       {F. Brochard and E. Gravier and G. Bonhomme},
  title =        {Transition from flute modes to drift waves in a magnetized plasma column},
  journal =      POP,
  year =         {2005},
  volume =       12,
  pages =        {062104}
}

@Book{stangeby2000,
  author =       {P. C. Stangeby},
  title =        {The plasma boundary of magnetic fusion devices},
  publisher =      {Institute of Physics Publishing},
  year =         {2000},
}

@Article{xu1993,
  author =       {X. Q. Xu and M. N. Rosenbluth and P. H. Diamond},
  title =        {Electron-temperature-gradient-driven instability in tokamak boundary plasma},
  journal =      POFB,
  year =         {1993},
  volume =       5,
  pages =        {2206}
}

@Article{cheng1977,
  author =       {C. Z. Cheng and H. Okuda},
  title =        {Formation of convective cells, anomalous diffusion, and strong plasma turbulence due to drift instabilities},
  journal =      PRL,
  year =         {1977},
  volume =       38,
  pages =        {708}
}

@Article{cheng1979,
  author =       {C. Z. Cheng and H. Okuda},
  title =        {Theory and numerical simulations on collisionless drift instabilities in three dimensions},
  journal =      NUF,
  year =         {1979},
  volume =       18,
  pages =        {587}
}

@Article{cohen2009,
  author =       {J. Cohen and J. Philip and G. Ben-Dov},
  title =        {Aspects of linear and nonlinear instabilities leading to transition in pipe and channel flows},
  journal =      {Phil. Trans. R. Soc. A},
  year =         {2009},
  volume =       367,
  pages =        {509}
}

@Article{henningson1996,
  author =       {D. Henningson},
  title =        {Comment on "Transition in shear flows. Nonlinear normality versus non-normal linearity" [Phys. Fluids 7, 3060 (1995)]},
  journal =      {Phys. Fluids},
  year =         {1996},
  volume =       8,
  pages =        {2257}
}

@Article{henningson1994,
  author =       {D. S. Henningson and S. C. Reddy},
  title =        {On the role of linear mechanisms in transition to turbulence},
  journal =      {Phys. Fluids},
  year =         {1994},
  volume =       6,
  pages =        {1396}
}

@Article{lorenz1963,
  author =       {E. N. Lorenz},
  title =        {Deterministic nonperiodic flow},
  journal =      {J. Atmos. Sci.},
  year =         {1963},
  volume =       20,
  pages =        {130}
}

@Article{pace2008a,
  author =       {D. C. Pace and M. Shi and J. E. Maggs and G. J. Morales and T. A. Carter},
  title =        {Exponential frequency spectrum and Lorentzian pulses in magnetized plasmas},
  journal =      POP,
  year =         {2008},
  volume =       15,
  pages =        {122304}
}

@Article{pace2008b,
  author =       {D. C. Pace and M. Shi and J. E. Maggs and G. J. Morales and T. A. Carter},
  title =        {Exponential Frequency Spectrum in Magnetized Plasmas},
  journal =      PRL,
  year =         {2008},
  volume =       101,
  pages =        {085001}
}

@Article{shi2009,
  author =       {M. Shi and D. C. Pace and  G. J. Morales and J. E. Maggs and T. A. Carter},
  title =        {Structures generated in a temperature filament due to drift-wave convection},
  journal =      POP,
  year =         {2009},
  volume =       16,
  pages =        {062306}
}

@Article{maggs2011,
  author =       {J. E. Maggs and G. J. Morales},
  title =        {Generality of Deterministic Chaos, Exponential Spectra, and Lorentzian Pulses in Magnetically Confined Plasmas},
  journal =      PRL,
  year =         {2011},
  volume =       107,
  pages =        {185003}
}

@Article{maggs2012a,
  author =       {J. E. Maggs and G. J. Morales},
  title =        {Origin of Lorentzian pulses in deterministic chaos},
  journal =      PRE,
  year =         {2012},
  volume =       86,
  pages =        {015401}
}

@Article{maggs2012b,
  author =       {J. E. Maggs and G. J. Morales},
  title =        {Exponential power spectra, deterministic chaos and Lorentzian pulses in plasma edge dynamics},
  journal =      PPCF,
  year =         {2012},
  volume =       54,
  pages =        {12041}
}

@Article{maggs2013,
  author =       {J. E. Maggs and G. J. Morales},
  title =        {Permutation entropy analysis of temperature fluctuations from a basic electron heat transport experiment},
  journal =      PPCF,
  year =         {2013},
  volume =       55,
  pages =        {085015}
}

@Book{wesson2004,
  author =       {J. Wesson},
  title =        {Tokamaks},
  publisher =      {Clarendon Press},
  year =         {2011},
}

@Book{chen2006,
  author =       {F. F. Chen},
  title =        {Introduction to Plasma Physics and Controlled Fusion},
  publisher =      {Springer},
  year =         {2006},
}

@Book{hutchinson2002,
  author =       {I. H. Hutchinson},
  title =        {Principles of Plasma Diagnostics},
  publisher =      {Cambridge University Press},
  year =         {2002},
}

@Book{drazin1981,
  author =       {P. G. Drazin and W. H. Reid},
  title =        {Hydrodynamic Stability},
  publisher =      {Cambridge University Press},
  year =         {1981},
}

@Book{tennekes1972,
  author =       {H. Tennekes and J. L. Lumley},
  title =        {First Course in Turbulence},
  publisher =      {The MIT Press},
  year =         {1972},
}


@Book{horton1990,
  author =       {W. Horton},
  title =        {Nonlinear drift waves and transport in magnetized plasma},
  publisher =      {North-Holland},
  year =         {1990},
}

@Book{batchelor1967,
  author =       {G. K. Batchelor},
  title =        {An Intorduction to Fluid Dynamics},
  publisher =      {Cambridge Univ. Press},
  year =         {1967},
}

@Book{manneville2004,
  author =       {P. Manneville},
  title =        {Instabilities, Chaos and Turbulence},
  publisher =      {Imperial College Press},
  year =         {2004},
}

@Book{swinney1981,
  author =       {H. L. Swinney and J. P. Gollub},
  title =        {Hydrodynamics Instabilities and the Transition to Turbulence},
  publisher =      {Springer-Verlag},
  year =         {1981},
}


@InCollection{landau1959,
  author =       {L. D. Landau and E. M. Lifshitz},
  title =        {Fluid mechanics},
  booktitle =    {Course of theoretical physics},
  volume =       6,
  publisher =      {London: Pergamon Press},
  year =         {1959},
}


@misc{cvode,
  key = {CVO},
  howpublished = {\url{https://computation.llnl.gov/casc/sundials/documentation/cv_guide/node3.html}},
  note = {[Online; accessed 9-May-2013]}
}


@MISC{mcdonough04,
    author = {J. M. McDonough},
    title = {INTRODUCTORY LECTURES on TURBULENCE Physics, Mathematics and Modeling},
    year = {2004}
}